@book{bartoszynski1995set,
	title={Set Theory: on the structure of the real line},
	author={Bartoszynski, Tomek and Judah, Haim},
	year={1995},
	publisher={CRC Press}
}

@misc{fuchino,
	title={冬の旅 — ポーランドとチェコへの数学の旅},
	author={渕野 昌},
	year={2016},
	note={\url{https://fuchino.ddo.jp/articles/winterreise2016ex.pdf}}
}

@incollection{blass2010combinatorial,
	title={Combinatorial cardinal characteristics of the continuum},
	author={Blass, Andreas},
	booktitle={Handbook of set theory},
	pages={395--489},
	year={2010},
	publisher={Springer}
}

@incollection{bartoszynski2010invariants,
	title={Invariants of measure and category},
	author={Bartoszynski, Tomek},
	booktitle={Handbook of Set Theory},
	pages={491--555},
	year={2010},
	publisher={Springer}
}